@book{livre_prepa,
	author = {Alain Soyeur et François Capaces et Emmanuel Vieillard-Baron et Sésamath et les-mathematiques.net},
	title = {Cours de Mathématiques Sup MPSI PCSI PTSI TSI \url{http://les.mathematiques.free.fr/pdf/livre.pdf}},
}

@article{graphes,
    author={Logiciel Geogebra},
    title={\url{https://www.geogebra.org/?lang=fr}}
}